<record><leader>00000cas a2200000 a 4500</leader><controlfield tag="001">15021364</controlfield><controlfield tag="007">hd afb---bacp</controlfield><controlfield tag="008">861229u1973uuuucaumr nea     0    0eng c</controlfield><datafield ind1=" " ind2=" " tag="010"><subfield code="a">sn 86026571 </subfield></datafield><datafield ind1=" " ind2=" " tag="040"><subfield code="a">IUL</subfield><subfield code="b">eng</subfield><subfield code="c">IUL</subfield><subfield code="d">EYM</subfield><subfield code="d">TXA</subfield><subfield code="d">DLC</subfield><subfield code="d">IUL</subfield><subfield code="d">OCLCA</subfield><subfield code="d">OCLCQ</subfield><subfield code="d">OCLCF</subfield><subfield code="d">OCLCO</subfield><subfield code="d">OCLCQ</subfield></datafield><datafield ind1=" " ind2=" " tag="012"><subfield code="i">8612</subfield></datafield><datafield ind1=" " ind2=" " tag="037"><subfield code="b">Bay Microfilms, Inc., 1115 E. Arques Ave., Sunnyvale, CA 94086</subfield></datafield><datafield ind1="0" ind2=" " tag="041"><subfield code="a">eng</subfield><subfield code="a">spa</subfield></datafield><datafield ind1=" " ind2=" " tag="042"><subfield code="a">pcc</subfield></datafield><datafield ind1=" " ind2=" " tag="043"><subfield code="a">n-us-ca</subfield></datafield><datafield ind1="0" ind2="0" tag="050"><subfield code="a">Newspaper</subfield></datafield><datafield ind1="1" ind2="4" tag="050"><subfield code="a">E184.M5</subfield><subfield code="b">C4535</subfield></datafield><datafield ind1="0" ind2="3" tag="245"><subfield code="a">La voz cato&#769;lica.</subfield></datafield><datafield ind1=" " ind2=" " tag="260"><subfield code="a">Oakland, Calif. :</subfield><subfield code="b">[The Catholic Voice],</subfield><subfield code="c">[1973]-</subfield></datafield><datafield ind1=" " ind2=" " tag="300"><subfield code="a">volumes :</subfield><subfield code="b">illustrations</subfield></datafield><datafield ind1=" " ind2=" " tag="310"><subfield code="a">Monthly</subfield></datafield><datafield ind1=" " ind2=" " tag="336"><subfield code="a">text</subfield><subfield code="b">txt</subfield><subfield code="2">rdacontent</subfield></datafield><datafield ind1=" " ind2=" " tag="337"><subfield code="a">microform</subfield><subfield code="b">h</subfield><subfield code="2">rdamedia</subfield></datafield><datafield ind1=" " ind2=" " tag="338"><subfield code="a">microfilm reel</subfield><subfield code="b">hd</subfield><subfield code="2">rdacarrier</subfield></datafield><datafield ind1="1" ind2=" " tag="362"><subfield code="a">Began with [vol. 1, no. 1] (July 1973).</subfield></datafield><datafield ind1=" " ind2=" " tag="515"><subfield code="a">Issues for July-Sept. 1973 lack numeric designation, but constitute v. 1, no. 1-v. 1, no. 3.</subfield></datafield><datafield ind1=" " ind2=" " tag="546"><subfield code="a">Chiefly in English with section in Spanish.</subfield></datafield><datafield ind1=" " ind2=" " tag="580"><subfield code="a">Supplement to: Catholic voice (Oakland, Calif.).</subfield></datafield><datafield ind1=" " ind2=" " tag="588"><subfield code="a">Description based on: [vol. 1, no. 1] (July 1973); title from title page.</subfield></datafield><datafield ind1=" " ind2=" " tag="588"><subfield code="a">Latest issue consulted: V. 1, no. 5 (Nov. 1973).</subfield></datafield><datafield ind1=" " ind2=" " tag="533"><subfield code="a">Microfim.</subfield><subfield code="m">Vol. 1, no. 1 (July 1973)-Vol. 1, no. 5 (Nov. 1973)</subfield><subfield code="b">Palo Alto, Calif. :</subfield><subfield code="c">BMI Imaging Systems.</subfield><subfield code="e">1 microfilm reel ; 35 mm.</subfield><subfield code="f">[Chicano serials collection]</subfield><subfield code="n">Filmed with other titles.</subfield></datafield><datafield ind1="2" ind2="0" tag="610"><subfield code="a">Catholic Church.</subfield><subfield code="b">Diocese of Oakland (Calif.)</subfield><subfield code="v">Newspapers.</subfield></datafield><datafield ind1=" " ind2="0" tag="650"><subfield code="a">Hispanic Americans</subfield><subfield code="z">California</subfield><subfield code="z">Oakland</subfield><subfield code="v">Newspapers.</subfield></datafield><datafield ind1=" " ind2="0" tag="650"><subfield code="a">Latin Americans</subfield><subfield code="z">California</subfield><subfield code="z">Oakland</subfield><subfield code="v">Newspapers.</subfield></datafield><datafield ind1=" " ind2="0" tag="651"><subfield code="a">Oakland (Calif.)</subfield><subfield code="v">Newspapers.</subfield></datafield><datafield ind1="2" ind2="7" tag="610"><subfield code="a">Catholic Church.</subfield><subfield code="b">Diocese of Oakland (Calif.)</subfield><subfield code="2">fast</subfield><subfield code="0">(OCoLC)fst00786850</subfield></datafield><datafield ind1=" " ind2="7" tag="650"><subfield code="a">Hispanic Americans.</subfield><subfield code="2">fast</subfield><subfield code="0">(OCoLC)fst00957523</subfield></datafield><datafield ind1=" " ind2="7" tag="650"><subfield code="a">Latin Americans.</subfield><subfield code="2">fast</subfield><subfield code="0">(OCoLC)fst00993069</subfield></datafield><datafield ind1=" " ind2="7" tag="651"><subfield code="a">California</subfield><subfield code="z">Oakland.</subfield><subfield code="2">fast</subfield><subfield code="0">(OCoLC)fst01206605</subfield></datafield><datafield ind1=" " ind2="7" tag="655"><subfield code="a">Newspapers.</subfield><subfield code="2">fast</subfield><subfield code="0">(OCoLC)fst01423814</subfield></datafield><datafield ind1="2" ind2=" " tag="710"><subfield code="a">Catholic Church.</subfield><subfield code="b">Diocese of Oakland (Calif.)</subfield></datafield><datafield ind1="0" ind2=" " tag="730"><subfield code="a">Catholic voice (Oakland, Calif.)</subfield></datafield><datafield ind1=" " ind2=" " tag="752"><subfield code="a">United States</subfield><subfield code="b">California</subfield><subfield code="c">Alameda</subfield><subfield code="d">Oakland.</subfield></datafield><datafield ind1="1" ind2=" " tag="772"><subfield code="t">Catholic voice (Oakland, Calif.)</subfield><subfield code="w">(DLC)sn 81001387</subfield><subfield code="w">(OCoLC)7491000</subfield></datafield><datafield ind1=" " ind2="0" tag="830"><subfield code="a">Chicano serials collection.</subfield></datafield><datafield ind1=" " ind2=" " tag="850"><subfield code="a">DLC</subfield><subfield code="a">InU</subfield><subfield code="a">MiU</subfield></datafield><datafield ind1="1" ind2=" " tag="029"><subfield code="a">AU@</subfield><subfield code="b">000020449385</subfield></datafield></record>